% Encoding: UTF-8

@Book{balzert-objektmodellierung,
	Title                = {Lehrbuch der Objektmodellierung},
	Author           = {Heide Balzert},
	Publisher       = {Spektrum Akademischer Verlag},
	Year                = {1999},
	Edition            = {1. Auflage}
}


@Misc{tiobe-index,
	author       = {TIOBE-Index},
	title        = {Die popul√§rsten Sprachen},
	howpublished = {Online. Abgerufen am 09.12.2016},
	year         = {2015},
	owner        = {mircol},
	timestamp    = {2016.12.09},
	url          = {https://www.heise.de/ct/ausgabe/2015-18-Die-passende-Programmiersprache-finden-2767703.html},
}